<marc:collection xmlns:marc="http://www.loc.gov/MARC21/slim" xmlns:xsi="http://www.w3.org/2001/XMLSchema-instance" xsi:schemaLocation="http://www.loc.gov/MARC21/slim http://www.loc.gov/standards/marcxml/schema/MARC21slim.xsd">
    <marc:record type="Bibliographic">
        <marc:leader>03311ceb a22005537a 4500</marc:leader>
        <marc:controlfield tag="001">7108616</marc:controlfield>
        <marc:controlfield tag="005">20130806100750.0</marc:controlfield>
        <marc:controlfield tag="006">ed     eg     0   </marc:controlfield>
        <marc:controlfield tag="007">aj canzn</marc:controlfield>
        <marc:controlfield tag="008">120702s1864    enkd     eg     0   eng d</marc:controlfield>
        <marc:datafield tag="034" ind1="3" ind2=" ">
            <marc:subfield code="a">a</marc:subfield>
            <marc:subfield code="b">1748000</marc:subfield>
            <marc:subfield code="d">166.250000</marc:subfield>
            <marc:subfield code="e">173.666667</marc:subfield>
            <marc:subfield code="f">-43.616667</marc:subfield>
            <marc:subfield code="g">-46.966667</marc:subfield>
        </marc:datafield>
        <marc:datafield tag="040" ind1=" " ind2=" ">
            <marc:subfield code="a">NjP</marc:subfield>
            <marc:subfield code="c">NjP</marc:subfield>
        </marc:datafield>
        <marc:datafield tag="041" ind1="0" ind2=" ">
            <marc:subfield code="a">eng</marc:subfield>
        </marc:datafield>
        <marc:datafield tag="043" ind1=" " ind2=" ">
            <marc:subfield code="a">u-nz---</marc:subfield>
        </marc:datafield>
        <marc:datafield tag="050" ind1=" " ind2="4">
            <marc:subfield code="a">G9082.S6C1 1864</marc:subfield>
            <marc:subfield code="b">.R6</marc:subfield>
        </marc:datafield>
        <marc:datafield tag="052" ind1=" " ind2=" ">
            <marc:subfield code="a">9082</marc:subfield>
            <marc:subfield code="b">S6</marc:subfield>
        </marc:datafield>
        <marc:datafield tag="245" ind1="0" ind2="0">
            <marc:subfield code="a">Map of the provinces of Canterbury and Otago (New Zealand)</marc:subfield>
            <marc:subfield code="h">[cartographic material] :</marc:subfield>
            <marc:subfield code="b">to illustrate the papers of Mr. James M'Kerrow, Dr. J. Haast &amp; Dr. Hector /</marc:subfield>
            <marc:subfield code="c">[engraved by] Edwd. Weller.</marc:subfield>
        </marc:datafield>
        <marc:datafield tag="255" ind1=" " ind2=" ">
            <marc:subfield code="a">Scale [ca. 1:1,748,000] ;</marc:subfield>
            <marc:subfield code="c">(E 166째15'00"--E 173째40'00"/S 43째37'00"--S 48째58'00").</marc:subfield>
        </marc:datafield>
        <marc:datafield tag="260" ind1=" " ind2=" ">
            <marc:subfield code="a">London :</marc:subfield>
            <marc:subfield code="b">published for the Journal of the Royal Geographical Society by John Murray, Albemarle Street,</marc:subfield>
            <marc:subfield code="c">1864.</marc:subfield>
        </marc:datafield>
        <marc:datafield tag="300" ind1=" " ind2=" ">
            <marc:subfield code="a">1 map :</marc:subfield>
            <marc:subfield code="b">col. ;</marc:subfield>
            <marc:subfield code="c">30 X 34 cm.</marc:subfield>
        </marc:datafield>
        <marc:datafield tag="500" ind1=" " ind2=" ">
            <marc:subfield code="a">Relief shown by hachures.</marc:subfield>
        </marc:datafield>
        <marc:datafield tag="500" ind1=" " ind2=" ">
            <marc:subfield code="a">Major glaciers shown in green.</marc:subfield>
        </marc:datafield>
        <marc:datafield tag="500" ind1=" " ind2=" ">
            <marc:subfield code="a">Routes of expeditions are shown.</marc:subfield>
        </marc:datafield>
        <marc:datafield tag="500" ind1=" " ind2=" ">
            <marc:subfield code="a">Inset map: Islands of New Zealand.</marc:subfield>
        </marc:datafield>
        <marc:datafield tag="500" ind1=" " ind2=" ">
            <marc:subfield code="a">From: The Journal of the Royal Geographical Society of London. Vol. 34, (1864), pp. 56-82, 87-111; held in Firestone Library. Call number: G7 .J687 v.34 1864.</marc:subfield>
            <marc:subfield code="5">NjP</marc:subfield>
        </marc:datafield>
        <marc:datafield tag="500" ind1=" " ind2=" ">
            <marc:subfield code="a">Geographic coordinate grid was hand drawn after map was published.</marc:subfield>
        </marc:datafield>
        <marc:datafield tag="501" ind1=" " ind2=" ">
            <marc:subfield code="a">Issued to accompany articles: IV. Reconnaissance survey of the Lake Districts of Otago and Southland, New Zealand / by James M'Kerrow, Esq., District Surveyor to the Province of Otago. Read before the Royal Geographical Society, January 25, 1864. -- VI. Notes on the mountains and glaciers of the Canterbury Province, New Zealand / by Dr. Julius Haast, M.D., F.G.S. Read February 8, 1864. --  VII. Expedition to the west coast of Otago, New Zealand; with an account of the discovery of a low pass from Martin's Bay to Lake Wakatipu / by James Hector, Esq., M.D., Provincial Geologist. Read December 12, 1864.</marc:subfield>
            <marc:subfield code="5">NjP</marc:subfield>
        </marc:datafield>
        <marc:datafield tag="530" ind1=" " ind2=" ">
            <marc:subfield code="a">Available also online through the Princeton University Libraries, Digital Map &amp; Geographic Data Web site.</marc:subfield>
        </marc:datafield>
        <marc:datafield tag="530" ind1=" " ind2=" ">
            <marc:subfield code="a">Online version of article available through the JSTOR Web site. Access limited to subscribing member institutions only.</marc:subfield>
        </marc:datafield>
        <marc:datafield tag="650" ind1=" " ind2="0">
            <marc:subfield code="a">Geomorphology</marc:subfield>
            <marc:subfield code="z">South Island</marc:subfield>
            <marc:subfield code="z">New Zealand</marc:subfield>
            <marc:subfield code="v">Maps.</marc:subfield>
        </marc:datafield>
        <marc:datafield tag="650" ind1=" " ind2="0">
            <marc:subfield code="a">Glaciers</marc:subfield>
            <marc:subfield code="z">New Zealand</marc:subfield>
            <marc:subfield code="z">South Island</marc:subfield>
            <marc:subfield code="v">Maps.</marc:subfield>
        </marc:datafield>
        <marc:datafield tag="651" ind1=" " ind2="0">
            <marc:subfield code="a">Canterbury Region (N.Z.)</marc:subfield>
            <marc:subfield code="v">Maps.</marc:subfield>
        </marc:datafield>
        <marc:datafield tag="651" ind1=" " ind2="0">
            <marc:subfield code="a">Otago Region (N.Z.)</marc:subfield>
            <marc:subfield code="v">Maps.</marc:subfield>
        </marc:datafield>
        <marc:datafield tag="651" ind1=" " ind2="0">
            <marc:subfield code="a">Southland Region (N.Z.)</marc:subfield>
            <marc:subfield code="v">Maps.</marc:subfield>
        </marc:datafield>
        <marc:datafield tag="651" ind1=" " ind2="0">
            <marc:subfield code="a">South Island (N.Z.)</marc:subfield>
            <marc:subfield code="v">Maps.</marc:subfield>
        </marc:datafield>
        <marc:datafield tag="655" ind1=" " ind2="7">
            <marc:subfield code="a">Physical maps.</marc:subfield>
            <marc:subfield code="2">lcgft</marc:subfield>
        </marc:datafield>
        <marc:datafield tag="700" ind1="1" ind2=" ">
            <marc:subfield code="a">McKerrow, James,</marc:subfield>
            <marc:subfield code="d">1834-1919.</marc:subfield>
        </marc:datafield>
        <marc:datafield tag="700" ind1="1" ind2=" ">
            <marc:subfield code="a">Haast, Julius von,</marc:subfield>
            <marc:subfield code="d">1824-1887.</marc:subfield>
        </marc:datafield>
        <marc:datafield tag="700" ind1="1" ind2=" ">
            <marc:subfield code="a">Hector, James, Sir,</marc:subfield>
            <marc:subfield code="d">1834-1907.</marc:subfield>
        </marc:datafield>
        <marc:datafield tag="700" ind1="1" ind2=" ">
            <marc:subfield code="a">Weller, Edward,</marc:subfield>
            <marc:subfield code="d">d.1884,</marc:subfield>
            <marc:subfield code="e">engraver.</marc:subfield>
        </marc:datafield>
        <marc:datafield tag="710" ind1="2" ind2=" ">
            <marc:subfield code="a">Royal Geographical Society (Great Britain)</marc:subfield>
        </marc:datafield>
        <marc:datafield tag="710" ind1="2" ind2=" ">
            <marc:subfield code="a">John Murray (Firm),</marc:subfield>
            <marc:subfield code="e">publisher.</marc:subfield>
        </marc:datafield>
        <marc:datafield tag="773" ind1="0" ind2=" ">
            <marc:subfield code="t">Journal of the Royal Geographical Society of London.</marc:subfield>
            <marc:subfield code="g">Vol. 34  (1864), p.56-82, 87-111, facing page 56.</marc:subfield>
            <marc:subfield code="d">London : John Murray.</marc:subfield>
        </marc:datafield>
        <marc:datafield tag="852" ind1="8" ind2=" ">
            <marc:subfield code="a">scimap</marc:subfield>
            <marc:subfield code="h">G9082.S6C2 1864</marc:subfield>
            <marc:subfield code="i">.R6</marc:subfield>
        </marc:datafield>
        <marc:datafield tag="856" ind1="4" ind2="1">
            <marc:subfield code="z">See the map</marc:subfield>
            <marc:subfield code="u">http://gisserver.princeton.edu/map/26874</marc:subfield>
        </marc:datafield>
        <marc:datafield tag="856" ind1="4" ind2="2">
            <marc:subfield code="u">http://www.jstor.org/stable/1798465</marc:subfield>
        </marc:datafield>
        <marc:datafield tag="856" ind1="4" ind2="2">
            <marc:subfield code="u">http://www.jstor.org/stable/1798467</marc:subfield>
        </marc:datafield>
        <marc:datafield tag="856" ind1="4" ind2="2">
            <marc:subfield code="u">http://www.jstor.org/stable/1798468</marc:subfield>
        </marc:datafield>
        <marc:datafield tag="902" ind1=" " ind2=" ">
            <marc:subfield code="a">mapst1</marc:subfield>
            <marc:subfield code="b">x</marc:subfield>
            <marc:subfield code="6">e</marc:subfield>
            <marc:subfield code="7">b</marc:subfield>
            <marc:subfield code="d">v</marc:subfield>
            <marc:subfield code="f">1</marc:subfield>
            <marc:subfield code="e">20120702</marc:subfield>
        </marc:datafield>
    </marc:record>
    <marc:record type="Holdings">
        <marc:leader>00274cx  a22000851  4500</marc:leader>
        <marc:controlfield tag="001">6978843</marc:controlfield>
        <marc:controlfield tag="004">7108616</marc:controlfield>
        <marc:controlfield tag="005">20130806091127.0</marc:controlfield>
        <marc:controlfield tag="008">1207024u    8   1001uu   0901128</marc:controlfield>
        <marc:datafield tag="852" ind1="0" ind2=" ">
            <marc:subfield code="b">scimap</marc:subfield>
            <marc:subfield code="h">G9082.S6C2 1864</marc:subfield>
            <marc:subfield code="i">.R6</marc:subfield>
            <marc:subfield code="z">Map is accompanied by a book. To locate volume, search call number: G7 .J687 v. 34 1864</marc:subfield>
        </marc:datafield>
    </marc:record>
</marc:collection>
